@article{nyc,
  author = {City of New York},
  title = {NYC DOITT Information Technology and Telecommunications},
  journal = {New York City Open Data},
  year = 2018
}

@article{census,
  author = {Census.gov},
  title = {2017 Sub-borough Maps},
  journal = {United States Census Bureau},
  year = 2018
}

